@online {
	RESTIntro,
	title			= {Android Restful Webservice Tutorial – Introduction to RESTful webservice – Part 1},
	howpublished	= {\url{http://programmerguru.com/android-tutorial/android-restful-webservice-tutorial-part-1/}},
	note			= {Zuletzt besucht: 11.03.2016}
}

@online {
	REST-JAX-RS,
	title			= {REST with Java (JAX-RS) using Jersey - Tutorial},
	howpublished	= {\url{http://www.vogella.com/tutorials/REST/article.html}},
	note			= {Zuletzt besucht: 11.03.2016}
}

@online {
	JavaEE,
	title			= {O Java EE 7 Application Servers, Where Art Thou? Learn all about the state of Java EE app servers, a rundown of various Java EE servers, and benchmarking.},
	howpublished	= {\url{https://dzone.com/articles/o-java-ee-7-application-servers-where-art-thou}},
	note			= {Zuletzt besucht: 11.03.2016}
}

@online {
	Heroku,
	title			= {Heroku makes it easy to deploy and scale Java apps in the cloud},
	howpublished	= {\url{https://www.heroku.com/}},
	note			= {Zuletzt besucht: 11.03.2016}
}

@online {
	GitHub-Repo,
	title			= {tgm-ttaschner's DezSys09 Repository},
	howpublished	= {\url{https://github.com/tgm-ttaschner/DezSys09}},
	note			= {Zuletzt besucht: 11.03.2016}
}

@online {
	Bootiful,
	title			= {'Bootiful' Java EE Support in Spring Boot 1.2},
	howpublished	= {\url {http://spring.io/blog/2014/11/23/bootiful-java-ee-support-in-spring-boot-1-2}},
	note			= {zuletzt besucht: 11.03.2016}
}

@online {
	SpringFramework,
	title			= {Spring},
	howpublished	= {\url {http://spring.io/}},
	note			= {zuletzt besucht: 11.03.2016}
}

@online {
	JAXRS,
	title			= {JAX-RS},
	howpublished	= {\url {http://docs.oracle.com/javaee/6/tutorial/doc/giepu.html}},
	note			= {zuletzt besucht: 11.03.2016}
}

@online {
	Maven,
	title			= {Maven},
	howpublished	= {\url {https://maven.apache.org/}},
	note			= {zuletzt besucht: 11.03.2016}
}

@online {
	H2,
	title			= {H2 Database Engine},
	howpublished	= {\url {http://www.h2database.com/html/main.html}},
	note			= {zuletzt besucht: 11.03.2016}
}

@online {
	HTTPFirefox,
	title			= {HttpRequester},
	howpublished	= {\url {https://addons.mozilla.org/de/firefox/addon/httprequester/}},
	note			= {zuletzt besucht: 11.03.2016}
}